@book{budden1961radio,
  title={Radio Waves in the Ionospere: The Mathematical Theory of the Reflection of Radio Waves from Stratified Ionised Layers},
  author={Budden, KG},
  year={1961},
  publisher={Cambridge University Press}
}

@book{townsend2000modern,
  title={A modern approach to quantum mechanics},
  author={Townsend, John S},
  year={2000},
  publisher={University Science Books}
}


@book{jackson1999classical,
  title={Classical electrodynamics},
  author={Jackson, John David},
  year={1999},
  publisher={Hamilton Printing Company}, 
  edition={3rd}
}


@misc{noauthor_tracking_nodate,
  title = {Tracking {Solar} {Flares}},
  url = {http://solar-center.stanford.edu/SID/activities/ionosphere.html},
  urldate = {2018-02-10}
}

@book{budden1988propagation,
  title={The propagation of radio waves: the theory of radio waves of low power in the ionosphere and magnetosphere},
  author={Budden, Kenneth George},
  year={1988},
  publisher={Cambridge University Press}
}

@article{chapman1931a,
  title={The absorption and dissociative or ionizing effect of monochromatic radiation in an atmosphere on a rotating earth},
  author={Chapman, Sydney},
  journal={Proceedings of the Physical Society},
  volume={43},
  number={1},
  pages={26},
  year={1931},
  publisher={IOP Publishing}
}

@article{chapman1931b,
  title={The absorption and dissociative or ionizing effect of monochromatic radiation in an atmosphere on a rotating earth part II. Grazing incidence},
  author={Chapman, S},
  journal={Proceedings of the physical society},
  volume={43},
  number={5},
  pages={483},
  year={1931},
  publisher={IOP Publishing}
}

@misc{schroeder1999introduction,
  title={An introduction to thermal physics},
  author={Schroeder, Daniel V},
  year={1999},
  publisher={AAPT}
}

